Automatically generated by Mendeley Desktop 1.19.4
Any changes to this file will be lost if it is regenerated by Mendeley.

BibTeX export options can be customized via Options -> BibTeX in Mendeley Desktop

@misc{intuitive2019,
abstract = {Designed to enhance surgeon capabilities},
author = {{Intuitive Surgical Inc.}},
keywords = {intuitive},
title = {{da Vinci Robotic Assisted Surgical Systems}},
url = {https://www.intuitivesurgical.com/jp/s.php},
urldate = {2019-06-25},
year = {2019}
}
